@article{Peeters-PRB-2017,
author = {{Van Der Donck}, M. and Zarenia, M. and Peeters, F. M.},
doi = {10.1103/PhysRevB.96.035131},
file = {:home/dimitry/Documents/Library/Excitons/Multiband model/Peeters-PRB-2017.pdf:pdf},
journal = {Phys. Rev. B},
mendeley-groups = {Excitons/Multiband model},
number = {3},
pages = {035131},
title = {{Excitons and trions in monolayer transition metal dichalcogenides: A comparative study between the multiband model and the quadratic single-band model}},
volume = {96},
year = {2017}
}

@article{Wu-PRB-2015,
author = {Wu, Fengcheng and Qu, Fanyao and Macdonald, A. H.},
doi = {10.1103/PhysRevB.91.075310},
file = {:home/dimitry/Documents/Library/Excitons/Multiband model/Wu-PRB-2015.pdf:pdf},
journal = {Phys. Rev. B},
mendeley-groups = {Excitons/Multiband model},
number = {7},
pages = {075310},
title = {{Exciton band structure of monolayer MoS2}},
volume = {91},
year = {2015}
}


@article{Xiao-PRL-2012,
archivePrefix = {arXiv},
arxivId = {1112.3144},
author = {Xiao, Di and Liu, Gui Bin and Feng, Wanxiang and Xu, Xiaodong and Yao, Wang},
doi = {10.1103/PhysRevLett.108.196802},
eprint = {1112.3144},
file = {:home/dimitry/Documents/Library/Excitons/Multiband model/Xiao-PRL-2012.pdf:pdf},
isbn = {0031-9007{\$}\backslash{\$}r1079-7114},
issn = {00319007},
journal = {Phys. Rev. Lett.},
mendeley-groups = {Excitons/Multiband model},
number = {19},
pages = {196802},
pmid = {23003071},
title = {{Coupled spin and valley physics in monolayers of MoS2and other group-VI dichalcogenides}},
volume = {108},
year = {2012}
}


@book{Watson-book,
address = {},
author = {Watson, G. N.},
publisher = {},
title = {{A Treatise on the Theory of Bessel Functions}},
year = {1945}
}


@misc{mymathlib,
  title = {{Numerov's Method: Mathematics Source Library}},
  howpublished = "\url{http://www.mymathlib.com/diffeq/second_order/numerov.html}"
}

